<?xml version="1.0" encoding="UTF-8"?><record xmlns="http://www.loc.gov/MARC21/slim" xmlns:cinclude="http://apache.org/cocoon/include/1.0" xmlns:zs="http://www.loc.gov/zing/srw/">
  <leader>00366nz  a2200133n  4500</leader>
  <controlfield tag="001">no2005060481</controlfield>
  <controlfield tag="003">DLC</controlfield>
  <controlfield tag="005">20050701052252.0</controlfield>
  <controlfield tag="008">050630n| acannaabn          |n aaa     c</controlfield>
  <datafield tag="010" ind1=" " ind2=" ">
    <subfield code="a">no2005060481</subfield>
  </datafield>
  <datafield tag="035" ind1=" " ind2=" ">
    <subfield code="a">(OCoLC)oca06670485</subfield>
  </datafield>
  <datafield tag="040" ind1=" " ind2=" ">
    <subfield code="a">NbU</subfield>
    <subfield code="b">eng</subfield>
    <subfield code="c">NbU</subfield>
  </datafield>
  <datafield tag="100" ind1="1" ind2=" ">
    <subfield code="a">Rials, Meredith</subfield>
  </datafield>
  <datafield tag="670" ind1=" " ind2=" ">
    <subfield code="a">[Her] Papers, 1971-1995 1980-1994</subfield>
    <subfield code="b">repository finding aid (Meredith Rials)</subfield>
  </datafield>
</record>